% Encoding: UTF-8

@Standard{iso-80000-2,
  title        = {{ISO 80000-2:2009, Quantities and units -- Part~2: Mathematical signs and symbols to be used in the natural sciences and technology}},
  organization = {International Organization for Standardization},
  institution  = {International Organization for Standardization},
  author       = {{International Organization for Standardization}},
  number       = {ISO 80000-2:2009},
  month        = {12},
  year         = {2009},
  url          = {https://www.iso.org/standard/31887.html},
  timestamp    = {2018-11-11},
}

@Booklet{bipm-si-brochure,
  title     = {{SI Brochure: The International System of Units (SI), 9th edition}},
  author    = {BIPM},
  year      = {2019},
  timestamp = {2018-11-11},
  url       = {https://www.bipm.org/en/publications/si-brochure/},
}

@Electronic{iupap-red-book,
  author    = {IUPAP},
  year      = {1987},
  title     = {{Symbols, Units, Nomenclature and Fundamental Constants in Physics}},
  note      = {2010 reprint},
  url       = {http://iupap.org/wp-content/uploads/2014/05/A4.pdf},
  timestamp = {2018-11-11},
}

@Book{iupac-green-book,
  title     = {{Quantities, Units and Symbols in Physical Chemistry (Green Book), third edition}},
  publisher = {Royal Society of Chemistry},
  year      = {2007},
  author    = {IUPAC},
  isbn      = {978-0-85404-433-7},
  note      = {Reprinted 2008},
  timestamp = {2018-11-11},
  url       = {http://iupac.org/cms/wp-content/uploads/2015/07/Green-Book-PDF-Version-2011.pdf},
}

@TechReport{nist-si,
  author      = {Barry N. Taylor},
  title       = {{The International System of Units (SI), 2008 Edition}},
  institution = {National Institute of Standards and Technology},
  year        = {2008},
  month       = {April},
  doi         = {10.6028/nist.sp.330e2008},
  publisher   = {National Institute of Standards and Technology},
  timestamp   = {2018-11-11},
  url         = {https://www.nist.gov/pml/special-publication-330},
}

@TechReport{nist-si-guide,
  author      = {A. Thompson and B. N. Taylor},
  title       = {{Guide for the use of the International System of Units ({SI})}},
  institution = {National Institute of Standards and Technology},
  year        = {2008},
  doi         = {10.6028/nist.sp.811e2008},
  publisher   = {National Institute of Standards and Technology},
  timestamp   = {2018-11-11},
  url         = {https://www.nist.gov/pml/special-publication-811},
}

@Webpage{nist-units,
  title     = {{International System of Units from NIST}},
  url       = {https://physics.nist.gov/cuu/Units/index.html},
  author    = {NIST},
  year      = {2017},
  timestamp = {2018-11-11},
}

@Webpage{latex-fonts,
  title     = {{The \LaTeX{} Font Catalogue}},
  url       = {http://www.tug.dk/FontCatalogue/},
  timestamp = {2018-11-11},
}

@Webpage{wiki-typography,
  title       = {{Typography - Wikipedia}},
  url         = {https://en.wikipedia.org/wiki/Typography},
  lastchecked = {2019-05-19},
  timestamp   = {2019-05-19},
}

@Book{Bringhurst1996,
  title     = {{The Elements of Typographic Style}},
  publisher = {Hartley \& Marks},
  year      = {1996},
  author    = {Robert Bringhurst},
  isbn      = {978-0-88179-133-4},
  timestamp = {2019-05-19},
}

@Standard{iso-80000-1,
  title        = {{ISO 80000-1:2009, Quantities and units -- Part~1: General}},
  organization = {International Organization for Standardization},
  institution  = {International Organization for Standardization},
  author       = {{International Organization for Standardization}},
  number       = {ISO 80000-1:2009},
  month        = {11},
  year         = {2009},
  url          = {https://www.iso.org/standard/30669.html},
  timestamp    = {2019-05-19},
}

@Electronic{vieth-experience,
  author    = {Ulrik Vieth},
  year      = {2009},
  title     = {{Experiences typesetting mathematical physics}},
  url       = {http://www.tug.org/~vieth/papers/eurotex2009/physmath-paper.pdf},
  timestamp = {2019-05-19},
}

@Standard{iso-4,
  title        = {{ISO 4:1997, Information and documentation -- Rules for the abbreviation of title words and titles of publications}},
  organization = {International Organization for Standardization},
  institution  = {International Organization for Standardization},
  author       = {{International Organization for Standardization}},
  number       = {ISO 4:1997},
  month        = {12},
  year         = {1997},
  url          = {https://www.iso.org/standard/3569.html},
  timestamp    = {2019-05-19},
}

@Electronic{iupac-fonts,
  author       = {I. M. Mills and W. V. Metanomski},
  month        = dec,
  year         = {1999},
  title        = {{On the use of italic and roman fonts for symbols in scientific text}},
  organization = {Interdivisional Committee on Nomenclature and Symbols, IUPAC},
  url          = {https://iupac.org/cms/wp-content/uploads/2016/01/ICTNS-On-the-use-of-italic-and-roman-fonts-for-symbols-in-scientific-text.pdf},
  timestamp    = {2019-05-23},
}

@Article{pdg-2018,
  author        = {Tanabashi, M. and others},
  title         = {{Review of Particle Physics}},
  journal       = {Phys. Rev. D},
  year          = {2018},
  volume        = {98},
  number        = {3},
  pages         = {030001},
  collaboration = {Particle Data Group},
  doi           = {10.1103/PhysRevD.98.030001},
  timestamp     = {2019-05-23},
}

@Electronic{latex-tabu,
  author    = {Mark Trettin and Jürgen Fenn},
  month     = jun,
  year      = {2007},
  title     = {{An essential guide to \LaTeXe usage}},
  url       = {https://ctan.org/pkg/l2tabu-english},
  timestamp = {2019-05-24},
}

@Electronic{latex-short,
  author    = {Tobias Oetiker and Hubert Partl and Irene Hyna and Elisabeth Schlegl},
  month     = mar,
  year      = {2018},
  title     = {{The Not So Short Introduction to \LaTeXe}},
  url       = {https://tobi.oetiker.ch/lshort/lshort.pdf},
  timestamp = {2019-05-24},
}

@Webpage{latex-tips,
  title     = {{LaTeX tips}},
  url       = {https://faculty.math.illinois.edu/~hildebr/tex/tips.html},
  author    = {A. J. Hildebrand},
  timestamp = {2019-05-25},
}

@Webpage{latex-wikibook,
  title     = {{LaTeX - Wikibooks}},
  url       = {https://en.wikibooks.org/wiki/LaTeX},
  timestamp = {2019-05-25},
}

@Webpage{latex-dos-donts,
  title     = {{DO’s and DON’Ts when typesetting a document | LaTeX and Miscellaneous}},
  url       = {https://chenfuture.wordpress.com/2009/02/07/dos-and-donts-when-typesetting-a-document/},
  year      = {2009},
  timestamp = {2019-05-25},
}

@Webpage{ltwa,
  title     = {{Access to the LTWA | ISSN}},
  url       = {https://www.issn.org/services/online-services/access-to-the-ltwa/},
  timestamp = {2019-05-31},
}

@Comment{jabref-meta: databaseType:bibtex;}

@Comment{jabref-entrytype: Webpage: req[title;url] opt[author;lastchecked;month;note;year]}
